% Encoding: UTF-8

@Book{,
  author   = {Bridges,M. W. and Distefano,S. and Mazzara,M. and Minlebaev,M. and Talanov,M. and Vallverdú,J.},
  title    = {Towards anthropo-inspired computational systems: The P3 model},
  year     = {2015},
  language = {English},
  volume   = {38},
  series   = {Smart Innovation, Systems and Technologies},
  pages    = {311-321},
  url      = {www.scopus.com},
}

@InProceedings{talanov_2010,
  author    = {Talanov,M. and Krekhov,A. and Makhmutov,A.},
  title     = {Automating programming via concept mining, probabilistic reasoning over semantic knowledge base of SE domain},
  booktitle = {2010 6th Central and Eastern European Software Engineering Conference, CEE-SECR 2010},
  year      = {2010},
  language  = {English},
  pages     = {30-35},
  url       = {www.scopus.com},
}

@InProceedings{talanov_2015a,
  author    = {Talanov,M. and Vallverdú,J. and Distefano,S. and Mazzara,M. and Delhibabu,R.},
  title     = {Neuromodulating cognitive architecture: Towards biomimetic emotional AI},
  booktitle = {Proceedings - International Conference on Advanced Information Networking and Applications, AINA},
  year      = {2015},
  language  = {English},
  volume    = {2015-April},
  pages     = {587-592},
  url       = {www.scopus.com},
}

@Comment{jabref-meta: databaseType:biblatex;}
