@inproceedings{wang2016emotional,
  title={The emotional mechanisms in NARS},
  author={Wang, Pei and Talanov, Max and Hammer, Patrick},
  booktitle={International Conference on Artificial General Intelligence},
  pages={150--159},
  year={2016},
  organization={Springer, Cham}
}

@article{talanov2016emotional,
  title={Emotional simulations and depression diagnostics},
  author={Talanov, Max and Vallverdu, Jordi and Hu, Bin and Moore, Philip and Toschev, Alexander and Shatunova, Diana and Maganova, Anzhela and Sedlenko, Denis and Leukhin, Alexey},
  journal={Biologically Inspired Cognitive Architectures},
  volume={18},
  pages={41--50},
  year={2016},
  publisher={Elsevier}
}

@article{vallverdu2018slime,
  title={Slime mould: the fundamental mechanisms of biological cognition},
  author={Vallverd{\'u}, Jordi and Castro, Oscar and Mayne, Richard and Talanov, Max and Levin, Michael and Balu{\v{s}}ka, Frantisek and Gunji, Yukio and Dussutour, Audrey and Zenil, Hector and Adamatzky, Andrew},
  journal={Biosystems},
  volume={165},
  pages={57--70},
  year={2018},
  publisher={Elsevier}
}

@inproceedings{toschev2017spiking,
  title={Spiking reasoning system},
  author={Toschev, Alexander and Talanov, Max and Kurnosov, Vitaliy},
  booktitle={2017 10th International Conference on Developments in eSystems Engineering (DeSE)},
  pages={251--255},
  year={2017},
  organization={IEEE}
}

@article{leukhin2018bio,
  title={Bio-plausible simulation of three monoamine systems to replicate emotional phenomena in a machine},
  author={Leukhin, Alexey and Talanov, Max and Vallverd{\'u}, Jordi and Gafarov, Fail},
  journal={Biologically inspired cognitive architectures},
  volume={26},
  pages={166--173},
  year={2018},
  publisher={Elsevier}
}

@article{leukhin2020even,
  title={Even Simpler Real-Time Model of Neuron},
  author={Leukhin, Alexey and Talanov, Max and Suleimanova, Alina and Toschev, Alexander and Lavrov, Igor},
  journal={BioNanoScience},
  pages={1--4},
  year={2020},
  publisher={Springer US}
}

@article{mikhaylov2020neurohybrid,
  title={Neurohybrid memristive CMOS-integrated systems for biosensors and neuroprosthetics},
  author={Mikhaylov, Alexey and Pimashkin, Alexey and Pigareva, Yana and Gerasimova, Svetlana and Gryaznov, Evgeny and Shchanikov, Sergey and Zuev, Anton and Talanov, Max and Lavrov, Igor and Demin, Vyacheslav and others},
  journal={Frontiers in neuroscience},
  volume={14},
  pages={358},
  year={2020},
  publisher={Frontiers}
}

@inproceedings{chebotareva2019emotional,
  title={Emotional Social Robot "Emotico"},
  author={Chebotareva, Elvira and Safin, Ramil and Shafikov, Artur and Masaev, Dinar and Shaposhnikov, Andrey and Shayakhmetov, Ilnaz and Magid, Evgeni and Zilberman, Nadezhda and Gerasimov, Yuriy and Talanov, Max},
  booktitle={2019 12th International Conference on Developments in eSystems Engineering (DeSE)},
  pages={247--252},
  year={2019},
  organization={IEEE}
}

@article{suleimanova2020modeling,
  title={Modeling a nociceptive neuro-immune synapse activated by ATP and 5-HT in meninges: novel clues on transduction of chemical signals into persistent or rhythmic neuronal firing},
  author={Suleimanova, Alina and Talanov, Max and Gafurov, Oleg and Gafarov, Failâ€™ and Koroleva, Ksenia and Virenque, Ana{\"\i}s and Noe, Francesco M and Mikhailov, Nikita and Nistri, Andrea and Giniatullin, Rashid},
  journal={Frontiers in cellular neuroscience},
  pages={135},
  year={2020},
  publisher={Frontiers}
}

@article{talanov2020oscillator,
  title={Oscillator Motif as Design Pattern for the Spinal Cord Circuitry Reconstruction},
  author={Talanov, Max and Leukhin, Alexey and Suleimanova, Alina and Toschev, Alexander and Lavrov, Igor},
  journal={BioNanoScience},
  volume={10},
  number={3},
  pages={649--653},
  year={2020},
  publisher={Springer US}
}

@article{tlitova2020meta,
  title={Meta-Analysis of Cross-Language Plagiarism and Self-Plagiarism Detection Methods for Russian-English Language Pair},
  author={Tlitova, Alina and Toschev, Alexander and Talanov, Max and Kurnosov, Vitaliy},
  journal={Frontiers in Computer Science},
  pages={42},
  year={2020},
  publisher={Frontiers}
}

@article{suleimanova2021deciphering,
  title={Deciphering in silico the Role of Mutated NaV1. 1 Sodium Channels in Enhancing Trigeminal Nociception in Familial Hemiplegic Migraine Type 3},
  author={Suleimanova, Alina and Talanov, Max and Van den Maagdenberg, Arn MJM and Giniatullin, Rashid},
  journal={Frontiers in cellular neuroscience},
  volume={15},
  pages={202},
  year={2021},
  publisher={Frontiers}
}

@inproceedings{talanov2021neuropunk,
  title={Neuropunk revolution and its implementation via real-time neurosimulations and their integrations},
  author={Talanov, Max},
  booktitle={2021 Third International Conference Neurotechnologies and Neurointerfaces (CNN)},
  pages={112--114},
  year={2021},
  organization={IEEE}
}